@misc{OtherResearch,
author = {Chiang M. and Lin P. and Lin L. and Chiou H. },
title = {Mass Screening of Suspected Febrile Patients with Remote-sensing Infrared Thermography: Alarm Temperature and Optimal Distance},
howpublished = {\url{http://www.sciencedirect.com/science/article/pii/S0929664609600176}},
month = {},
year = {2008},
note = {(Accessed on 11/03/2017)}
}


@misc{ClaudeTech,
author = {Claude Maimon },
title = {Claude's Technical Review},
howpublished = {\url{https://github.com/maimonc/Ebola-Virus-Project/blob/master/Documents/TechReview/Claude_Maimon_Tech_Review/Tech_Review_Claude_Maimon.pdf}},
month = {},
year = {2017},
note = {}
}

@misc{BrianTech,
author = {Brian Haung},
title = {Brian's Technical Review},
howpublished = {\url{https://github.com/maimonc/Ebola-Virus-Project/blob/master/Documents/TechReview/Brian_Huang_Tech_Review/Brian_Huang_Tech_Review.pdf}},
month = {},
year = {2017},
note = {}
}

@misc{BiancaTech,
author = {Bianca Beauchamp},
title = {Bianca's Technical Review},
howpublished = {\url{https://github.com/maimonc/Ebola-Virus-Project/blob/master/Documents/TechReview/Bianca_Beauchamp_Tech_Review/Technology_Review.pdf}},
month = {},
year = {2018},
note = {}
}
@misc{Median,
author = {},
title = {Median},
howpublished = {\url{https://en.wikipedia.org/wiki/Median}},
month = {},
year = {},
note = {(Accessed on 1/10/2018)}
}

@misc{Variance,
author = {},
title = {Variance},
howpublished = {\url{https://en.wikipedia.org/wiki/Variance}},
month = {},
year = {},
note = {(Accessed on 1/10/2018)}
}

@misc{Mean,
author = {},
title = {Mean},
howpublished = {\url{https://en.wikipedia.org/wiki/Mean}},
month = {},
year = {},
note = {(Accessed on 1/10/2018)}
}

@misc{Linear,
author = {},
title = {Linear Regression},
howpublished = {\url{https://en.wikipedia.org/wiki/Linear_regression#Applications_of_linear_regression}},
month = {},
year = {},
note = {(Accessed on 1/10/2018)}
}

@misc{Poly,
author = {},
title = {Polynomial Regression},
howpublished = {\url{https://en.wikipedia.org/wiki/Polynomial_regression#Interpretation}},
month = {},
year = {},
note = {(Accessed on 1/10/2018)}
}

@misc{Ridge,
author = {Sunil Ray},
title = {7 Types of Regression Techniques you should know!},
howpublished = {\url{https://www.analyticsvidhya.com/blog/2015/08/comprehensive-guide-regression/}},
month = {August},
year = {2015},
note = {(Accessed on 1/10/2018)}
}

@misc{AbsSqr,
author = {},
title = {Squared or Absolute? How different error can be.},
howpublished = {\url{http://archive.is/0hHpF}},
month = {September},
year = {2013},
note = {(Accessed on 1/10/2018)}
}

@misc{Root,
author = {Susan Holmes},
title = {RMS Error},
howpublished = {\url{http://statweb.stanford.edu/~susan/courses/s60/split/node60.html}},
month = {November},
year = {2000},
note = {(Accessed on 1/10/2018)}
}

@misc{RootAbs,
author = {},
title = {MAE and RMSE-Which Metric is Better?},
howpublished = {\url{https://medium.com/human-in-a-machine-world/mae-and-rmse-which-metric-is-better-e60ac3bde13d}},
month = {March},
year = {2016},
note = {(Accessed on 1/10/2018)}
}





