@misc{OtherResearch,
author = {Chiang M. and Lin P. and Lin L. and Chiou H. },
title = {Mass Screening of Suspected Febrile Patients with Remote-sensing Infrared Thermography: Alarm Temperature and Optimal Distance},
howpublished = {\url{http://www.sciencedirect.com/science/article/pii/S0929664609600176}},
month = {},
year = {2008},
note = {(Accessed on 11/03/2017)}
}


@misc{ClaudeTech,
author = {Claude Maimon },
title = {Claude's Technical Review},
howpublished = {\url{https://github.com/maimonc/Ebola-Virus-Project/blob/master/Documents/TechReview/Claude\_Maimon\_Tech\_Review/Tech\_Review\_Claude\_Maimon.pdf}},
month = {},
year = {2017},
note = {}
}

@misc{BrianTech,
author = {Brian Haung},
title = {Brian's Technical Review},
howpublished = {\url{https://github.com/maimonc/Ebola-Virus-Project/blob/master/Documents/TechReview/Brian\_Huang\_Tech\_Review/Brian\_Huang\_Tech\_Review.pdf}},
month = {},
year = {2017},
note = {}
}

@misc{BiancaTech,
author = {Bianca Beauchamp},
title = {Bianca's Technical Review},
howpublished = {\url{https://github.com/maimonc/Ebola-Virus-Project/blob/master/Documents/TechReview/Bianca\_Beauchamp\_Tech\_Review/Technology\_Review.pdf}},
month = {},
year = {2018},
note = {}
}





