@misc{OtherResearch,
author = {Chiang M. and Lin P. and Lin L. and Chiou H. },
title = {Mass Screening of Suspected Febrile Patients with Remote-sensing Infrared Thermography: Alarm Temperature and Optimal Distance},
howpublished = {\url{http://www.sciencedirect.com/science/article/pii/S0929664609600176}},
month = {},
year = {2008},
note = {(Accessed on 11/03/2017)}
}
